<collection xmlns="http://www.loc.gov/MARC21/slim">
<record>
  <leader>00305na 0a22000851i 450 </leader>
  <controlfield tag="001">IT\ICCU\CNCE\051242</controlfield>
  <controlfield tag="005">20071030000000.0</controlfield>
  <datafield tag="100" ind1=" " ind2=" ">
    <subfield code="a">20001207             0itac0103    ba</subfield>
  </datafield>
  <datafield tag="200" ind1="1" ind2=" ">
    <subfield code="a">Expositio magni prophete Ioachim in librum Beati Cirilli de magnis tribulationibus &amp; statu sancte matris Ecclesie</subfield>
  </datafield>
  <datafield tag="801" ind1=" " ind2="3">
    <subfield code="a">IT</subfield>
    <subfield code="b">ICCU</subfield>
    <subfield code="c">20201115</subfield>
  </datafield>
</record>
</collection>
